2308 2977
547 92 641 156 De
669 89 921 153 Cochleis
958 88 1014 151 F
1015 83 1412 156 Inviatiltbus.
1861 123 1986 190 139

249 205 339 258 Hae
359 198 587 257 Cochleae
603 216 696 254 acu
713 213 799 254 aut
814 197 1040 271 stalpello
1067 199 1245 267 incisae,
1278 217 1462 274 aquam
1486 200 1760 275 tingentem

172 278 430 333 humorem
451 273 639 328 nullum
658 274 904 331 emittunt.

653 500 702 556 T
723 506 745 557 I
766 503 1060 558 TULUS
1108 501 1268 557 XXII·

195 646 472 695 Buccinum
496 638 894 711 mimisfiaefium
912 638 1010 711 sex
1023 635 1297 710 spirarum,
1324 656 1404 691 ore
1420 635 1716 708 angustiore.

93 822 96 824 -
173 786 498 906 DRoxime
519 784 761 855 superiori
792 786 844 837 in
862 782 1061 857 plerisq5
1090 783 1223 837 notis
1242 781 1387 836 valde
1415 780 1574 836 similis
1593 782 1664 836 est
1681 798 1751 836 te·
1776 791 1969 842 Descriptm

203 860 207 864 ⁴
317 856 383 911 sta
404 878 416 910 ε
445 872 494 910 at
516 858 674 910 multo
688 858 848 911 minor
866 876 885 920 5
927 858 1044 911 item
1062 855 1097 909 fi
1111 854 1451 929 magnitudine
1461 855 1666 927 aequales
1686 874 1750 911 ex

169 928 263 981 illis
291 948 403 994 una,
431 949 492 982 ex
516 931 588 983 his
608 931 773 993 altera,
808 932 937 982 inter
962 928 1007 981 se
1028 927 1363 993 conferantur,
1390 927 1539 998 hujus
1570 946 1626 982 os
1648 927 1747 984 five

167 1000 326 1054 Testae
341 1017 569 1072 apertura
596 1001 809 1057 dimidio
833 1000 1085 1074 angustior
1115 999 1185 1054 est
1216 1002 1372 1073 quam
1385 1000 1526 1054 illius.

238 1075 297 1127 Ei
322 1076 462 1128 color
480 1073 636 1129 fuscus
657 1077 713 1127 &
742 1075 941 1129 minime
959 1071 1247 1145 pelluciduS,
1275 1073 1310 1126 si
1331 1073 1386 1126 id
1403 1074 1456 1126 in
1487 1073 1613 1128 vivis
1645 1076 1749 1127 ani-

166 1146 367 1201 malibus
385 1150 439 1200 8<
471 1147 558 1200 ubi
573 1146 714 1199 ‘testae
734 1162 952 1199 recentes
971 1149 1023 1200 ὃς
1043 1148 1245 1217 integrae
1258 1145 1382 1209 sunt,
1409 1145 1712 1200 advertatur.

237 1222 360 1273 Item
384 1220 528 1289 hujus
558 1217 677 1273 testa
699 1219 858 1273 multo
880 1218 1108 1282 validior,
1159 1235 1252 1270 nec
1291 1217 1420 1272 adeo
1442 1218 1614 1272 tenuis.
1685 1223 1745 1275 In

163 1292 347 1344 caeteris
362 1291 518 1363 probe
547 1291 871 1345 conveniunt.

236 1366 351 1417 Haec
366 1361 637 1418 admodum
656 1361 887 1436 frequens
912 1363 968 1416 in
990 1362 1169 1437 stagnis
1192 1363 1324 1416 circa
1353 1362 1647 1429 Eboracum,
1684 1377 1744 1417 ut
1767 1371 1875 1405 Locus.

162 1438 214 1489 in
230 1454 294 1489 eo
321 1436 464 1507 quod
480 1437 754 1508 appellatur
790 1436 1296 1490 Hodman-Hoe-Pitt
1316 1437 1457 1506 juxta
1481 1446 1679 1490 Acome.

232 1508 393 1581 Ipsum
412 1510 586 1563 animal
603 1509 666 1562 ab
688 1507 922 1562 incisione
962 1507 1152 1564 nullum
1171 1509 1356 1563 emittit
1382 1508 1631 1582 liquorem
1656 1526 1742 1564 co-

162 1583 389 1636 lotatum.

625 1804 1040 1861 TITULus
1092 1808 1273 1861 XXIII.

161 1948 429 1996 Buccinum
472 1942 810 2010 pellucidum,
849 1942 1174 2015 fitbflavum‚
1218 1955 1436 2016 quatuor
1462 1940 1734 2011 spirarum,

194 2036 419 2069 mucrone
442 2015 744 2089 acutiffimo,
786 2013 917 2088 803stae
940 2018 1169 2086 apertur-Z
1203 2024 1429 2071 omnium
1446 2015 1695 2069 maxim&

288 2165 318 2216 S
337 2161 384 2214 T
425 2160 683 2213 tenerrima
723 2161 777 2214 ὃ(
810 2161 972 2216 tenuis
1005 2159 1276 2216 admodum
1310 2158 1457 2225 testa,
1501 2157 1733 2225 subflava‚
1754 2163 1943 2216 Defifipfssffss

215 2292 224 2297 ,
255 2272 271 2291 A
316 2232 576 2304 pellucida.

232 2306 400 2361 metus
421 2305 520 2360 five
549 2303 680 2359 testae
702 2321 929 2376 apertura
951 2309 1137 2380 ingena,
1167 2305 1448 2378 omniumq5
1474 2303 1613 2359 facile
1633 2325 1731 2360 ma==

161 2374 303 2440 xima,
332 2378 566 2451 liquidem
600 2380 647 2432 ei
677 2380 944 2452 longitudo
978 2380 1081 2436 fere
1106 2382 1322 2445 uncialis,
1356 2378 1572 2434 latitudo
1605 2380 1731 2436 vero

160 2449 413 2517 paululum
438 2453 578 2523 supra
598 2451 855 2509 dimidiam
874 2456 1082 2509 unciam.

232 2523 301 2575 At
314 2524 467 2577 totius
481 2523 608 2579 testae
619 2525 889 2598 longitudo
897 2529 984 2582 vix
1002 2526 1201 2582 uncialis
1219 2526 1361 2599 supra
1383 2525 1730 2599 quadrantem:

160 2592 286 2650 adeo
308 2614 369 2649 ex
400 2611 616 2669 quatuor
656 2596 792 2671 spiris
822 2600 1003 2727 quibas-s
1038 2599 1242 2667 constat,
1290 2617 1386 2654 tres
1410 2602 1517 2656 imae
1541 2601 1731 2679 exiguae

1025 2691 1052 2727 2
1606 2677 1733 2734 tuntv
