2308 2977
298 84 425 175 136
453 77 456 78 ⁷
914 79 1009 143 De
1032 75 1278 144 Cochleis
1309 75 1358 141 F
1363 74 1748 142 luvintilibus‘„

1174 263 1228 318 'C
1250 265 1296 319 A
1316 263 1371 319 P.
1424 267 1481 318 11.

1023 420 1098 466 De
1120 417 1301 466 Nerita
1324 410 1626 466 fluviatili.

1022 635 1430 691 TITULLIS
1489 638 1603 689 XX.

522 781 704 829 Nerita
722 775 1042 848 fluviatilis,
1083 774 1107 828 ὲ
1130 774 1336 828 caeruleo
1359 771 1629 845 &rest-ens,
1651 773 1949 839 maculatus,
1970 790 2097 845 oper·-

592 849 701 903 cnlo
716 847 923 922 subrufo
953 850 1128 902 lunato
1155 848 1227 908 ὠ·
1251 849 1478 902 aculeato
1505 847 1681 902 datus.

205 1024 398 1077 vestm-We,
522 996 628 1135 Ε
652 999 677 1049 -I
713 994 986 1066 longitudo
1006 992 1260 1066 paululum
1275 992 1416 1066 supra
1437 994 1594 1047 unciae
1619 1008 1845 1067 quartam
1874 1010 2065 1065 partem
2088 1015 2107 1060 5

667 1066 887 1121 latitudo
903 1066 1007 1122 fere
1026 1069 1154 1120 intra
1183 1066 1392 1120 eandem
1413 1066 1697 1121 mensuram.

590 1140 742 1194 Testa
769 1140 948 1194 etiamfi
969 1142 1148 1212 exigua
1158 1138 1233 1203 fit,
1271 1154 1434 1193 tamen
1447 1137 1612 1193 valida
1636 1139 1722 1203 est,
1756 1139 2104 1211 craffaq3,1ane

515 1214 667 1287 longe
701 1213 842 1285 supra
883 1212 1091 1269 modum
1136 1226 1421 1268 caeterarurn
1471 1231 1837 1287 quarumcunqt,
1872 1212 2106 1270 testarum

519 1286 850 1342 fluviatilium.

590 1362 711 1414 Fere
734 1362 862 1415 intra
887 1360 1093 1413 alterum
1129 1359 1302 1414 orbem
1338 1358 1523 1426 finitur,
1560 1360 1649 1413 vix
1687 1358 1750 1412 ad
1771 1360 1965 1415 tertiam
1987 1381 2102 1433 pro-

516 1433 716 1490 ducitur
737 1455 755 1499 5
791 1448 965 1488 vertex
988 1433 1163 1505 parum
1187 1449 1272 1487 aut
1290 1434 1412 1488 nihil
1442 1435 1639 1487 eminet.

589 1507 748 1562 Testae
780 1522 1008 1580 apertura
1038 1506 1108 1560 est
1130 1506 1287 1580 figura
1317 1508 1500 1572 lunata,
1537 1506 1635 1560 five
1651 1505 1712 1560 ad
1724 1505 1986 1563 dimidium
2002 1510 2094 1563 cir-

514 1582 680 1636 culum
695 1602 782 1653 per
814 1595 1039 1636 centrum
1060 1580 1325 1636 diffecium.

585 1654 744 1709 Testae
763 1656 905 1710 color
944 1655 970 1708 ὲ
1001 1655 1210 1708 caeruleo
1248 1653 1457 1718 virescit,
1493 1654 1703 1707 maxime
1736 1652 1770 1706 si
1810 1656 1940 1727 aqua
1967 1657 2097 1712 iliam

514 1728 748 1782 intuearis
771 1750 789 1793 3
828 1731 946 1783 item
969 1747 1026 1781 ea
1062 1730 1257 1782 maculis
1287 1726 1428 1781 fuscis
1459 1728 1512 1780 in
1534 1727 1739 1783 modurn
1757 1730 1917 1800 operis
1945 1730 2100 1802 cujus-

510 1800 625 1855 dam
638 1803 882 1856 reticulati
903 1801 1106 1873 pulchre
1152 1801 1483 1873 distinguitur.

495 1906 498 1909 >
586 1874 689 1947 Ipse
712 1876 887 1929 animal
911 1872 1120 1939 albescit,
1158 1873 1355 1928 duobus
1370 1874 1630 1928 corniculis
1647 1874 1919 1944 capillaceis
1937 1877 2097 1942 datur,

516 1950 654 2018 juxta
692 1967 803 2022 quae
838 1948 990 2014 oculi,
1025 1962 1259 2021 tanquam
1294 1949 1472 2020 exigua
1508 1947 1741 2020 punctum
1775 1951 1913 2023 nigra
1948 1951 2092 2021 plane

508 2021 894 2093 conspiciuntur.

584 2096 746 2166 Hujus
786 2095 1023 2149 exteriori
1047 2095 1203 2148 limbo
1237 2094 1516 2150 adnectitur
1545 2094 1684 2147 velut
1716 2097 2010 2168 unguiculus
2036 2096 2091 2149 si-

511 2186 574 2221 ve
596 2170 885 2240 operculum
903 2170 1144 2231 lunatum,
1181 2167 1448 2231 subrufum,
1467 2184 1633 2231 tenue,
1647 2167 1936 2221 testaceum:
1975 2169 2093 2224 huic

510 2241 644 2294 adest
661 2242 865 2316 quidam
886 2243 1024 2297 velut
1046 2243 1255 2307 aculeuS,
1291 2244 1345 2295 in
1373 2241 1519 2296 costis
1541 2241 1823 2294 animalibus
1844 2238 1985 2295 facile
2016 2243 2092 2296 di-

513 2311 814 2370 scernendus.

205 2420 305 2455 tacis:
585 2391 641 2439 In
668 2389 803 2441 vadis
826 2387 1048 2459 lapidosis
1069 2386 1212 2441 fluvii
1238 2386 1356 2458 Oufie
1374 2390 1515 2457 juxta
1534 2397 1572 2438 F
1578 2386 1773 2459 ooforth
1799 2389 1854 2441 ὃ(
1892 2389 2087 2459 Clifton

511 2460 711 2530 copiose
724 2462 1051 2515 inveniuntur
1071 2481 1089 2525 5
1127 2462 1243 2513 item
1266 2461 1316 2512 in
1327 2460 1486 2514 fluvio
1504 2461 1702 2530 Wharfe
1723 2479 1740 2511 .·
1775 2461 1891 2513 item
1911 2462 1960 2515 in
1979 2463 2088 2518 Flu-

512 2534 601 2586 vio
624 2544 758 2587 Lune
791 2536 893 2606 agri
928 2530 1291 2587 Lancastrienfis
1325 2532 1463 2604 supra
1487 2547 1690 2603 pontem
1738 2535 1875 2601 juxta
1904 2538 2090 2608 Kerby—

514 2609 811 2679 Launsdale.
